@INPROCEEDINGS{6061192, 
author={Best, C.}, 
booktitle={Intelligence and Security Informatics Conference (EISIC), 2011 European}, 
title={Challenges in Open Source Intelligence}, 
year={2011}, 
month={Sept}, 
pages={58-62}, 
keywords={Internet;data mining;information retrieval;public domain software;Internet;archiving;data covering;data mining;indexing;intelligence tool;media monitoring system;open source information;open source intelligence;real time situation monitoring;social media usage;tagging;Data mining;Databases;Internet;Knowledge based systems;Media;Monitoring;Terrorism;Information Extraction;Information Retrieval;OSINT;Terrorism Forecasting}, 
doi={10.1109/EISIC.2011.41},}

@INPROCEEDINGS{6291464, 
author={Hsin-Chang Yang and Chung-Hong Lee}, 
booktitle={Information Technology in Medicine and Education (ITME), 2012 International Symposium on}, 
title={Mining open source text documents for intelligence gathering}, 
year={2012}, 
month={Aug}, 
volume={2}, 
pages={969-973}, 
keywords={data mining;public domain software;text analysis;OSINT processing;automatic processing approach;business intelligence;e-learning;high-order mining techniques;intelligence analysis;intelligence collection;intelligence gathering;intelligence management process;national security;open source intelligence;open source text document mining;personal knowledge management;Accuracy;Biomedical imaging;Blogs;Encoding;Semantics;TV;Open Source Intelligence;Self-Organizing Map;Text Mining}, 
doi={10.1109/ITiME.2012.6291464},
}

@INPROCEEDINGS{6725328, 
author={Ansari, F. and Akhlaq, M. and Rauf, A.}, 
booktitle={Information Assurance (NCIA), 2013 2nd National Conference on}, 
title={Social networks and web security: Implications on open source intelligence}, 
year={2013}, 
month={Dec}, 
pages={79-82}, 
keywords={data privacy;public domain software;security of data;social networking (online);Arab Spring;Israel Air Flotilla;Libyan civil war;NATO;Web security;confidential data divulgence;cyber warfare;malicious activities;open source intelligence;personal data divulgence;privacy violations;security risks;social media networking;Computer hacking;Facebook;Media;Monitoring;Privacy;OSINT;Open Source Intelligence;Social Media;Social Network Security Solutions;Social Networking;Web Security and Privacy}, 
doi={10.1109/NCIA.2013.6725328},
}

